@article{dominguez2000control,
  title={Control en el espacio de estado},
  author={Dominguez, Sergio and Sebasti{\'a}n, JM and Campoy, P},
  year={2000},
  publisher={Universidad Polit{\'e}cnica de Madrid}
}
