@book{barrientos2007fundamentos,
  title={Fundamentos de rob{\'o}tica},
  author={Barrientos, Antonio and Pe{\~n}{\'\i}n, Luis Felipe and Balaguer, Carlos and Aracil, Rafael},
  year={2007},
  publisher={McGraw-Hill, Interamericana de Espa{\~n}a}
}
