@book{siciliano2008springer,
  title={Springer handbook of robotics},
  author={Siciliano, Bruno and Khatib, Oussama},
  year={2008},
  publisher={Springer}
}
