@book{beggs1983kinematics,
  title={Kinematics},
  author={Beggs, Joseph Stiles},
  year={1983},
  publisher={CRC Press}
}
