@inproceedings{garcia2009multifinger,
  title={Multifinger haptic interface for bimanual manipulation of virtual objects},
  author={Garcia-Robledo, Pablo and Ortego, Javier and Barrio, Jorge and Galiana, Ignacio and Ferre, Manuel and Aracil, Rafael},
  booktitle={Haptic Audio visual Environments and Games, 2009. HAVE 2009. IEEE International Workshop on},
  pages={30--35},
  year={2009},
  organization={IEEE}
}
