@article{ferre2011haptic,
  title={Haptic device for capturing and simulating hand manipulation rehabilitation},
  author={Ferre, Manuel and Galiana, Ignacio and Wirz, Raul and Tuttle, Neil},
  journal={Mechatronics, IEEE/ASME Transactions on},
  volume={16},
  number={5},
  pages={808--815},
  year={2011},
  publisher={IEEE}
}
