@incollection{monroy2008masterfinger,
  title={Masterfinger: Multi-finger haptic interface for collaborative environments},
  author={Monroy, Mary and Oyarzabal, Mar{\'\i}a and Ferre, Manuel and Campos, Alexandre and Barrio, Jorge},
  booktitle={Haptics: Perception, Devices and Scenarios},
  pages={411--419},
  year={2008},
  publisher={Springer}
}
