@inproceedings{brenosa2011design,
  title={Design of an ergonomic three-finger haptic device for advanced robotic hands control},
  author={Brenosa, Jose and Cerrada, Pablo and Ferre, Manuel and Aracil, Rafael},
  booktitle={World Haptics Conference (WHC), 2011 IEEE},
  pages={257--262},
  year={2011},
  organization={IEEE}
}
