@article{ferre2008multifinger,
  title={Multifinger Haptic Interfaces for Collaborative Enviroments},
  author={Ferre, Manuel and Oyarz{\'a}bal, Mar{\'\i}a and Campos, Alexandre and Monroy, Mary},
  journal={Proc. Human Comput. Interaction, In-Tech},
  pages={101--112},
  year={2008}
}
