@book{sciavicco2000modelling,
  title={Modelling and control of robot manipulators},
  author={Sciavicco, Lorenzo and Siciliano, Bruno},
  year={2000},
  publisher={Springer}
}
