@article{hermann1977nonlinear,
  title={Nonlinear controllability and observability},
  author={Hermann, Robert and Krener, Arthur J},
  journal={IEEE Transactions on automatic control},
  volume={22},
  number={5},
  pages={728--740},
  year={1977}
}
