@book{simon2006optimal,
  title={Optimal state estimation: Kalman, H infinity, and nonlinear approaches},
  author={Simon, Dan},
  year={2006},
  publisher={John Wiley \& Sons}
}
