@article{garcia2008sensor,
  title={Sensor fusion for compliant robot motion control},
  author={Garcia, J Gamez and Robertsson, Anders and Ortega, Juan G{\'o}mez and Johansson, Rolf},
  journal={Robotics, IEEE Transactions on},
  volume={24},
  number={2},
  pages={430--441},
  year={2008},
  publisher={IEEE}
}
